@article{hodge2021,
  title={Deep reinforcement learning for drone navigation using sensor data},
  author={Hodge, Victoria J and Hawkins, Richard and Alexander, Rob},
  journal={Neural Computing and Applications},
  volume={33},
  pages={2015--2033},
  year={2021},
  publisher={Springer},
  annote={This research uses a "proximal policy optimisation deep reinforcement learning algorithm coupled with incremental curriculum learning and long short-term memory neural networks to implement [their] generic and adaptable navigation algorithm."}
}
@article{koyama2014,
  title={Advances and new functions of VCSEL photonics},
  author={Koyama, Fumio},
  journal={Optical Review},
  volume={21},
  pages={893--904},
  year={2014},
  publisher={Springer},
  annote={Koyoma reviews advances in VCSEL photonics and presents the physical principles underlying VCSEL diodes.}
}
@article{iga2000,
  title={Surface-emitting laser-its birth and generation of new optoelectronics field},
  author={Iga, Kenichi},
  journal={IEEE Journal of selected topics in Quantum Electronics},
  volume={6},
  number={6},
  pages={1201--1215},
  year={2000},
  publisher={IEEE},
  annote={Kenichi gives a history of VCSEL diodes up until the year 2000, debriefing the physics behind them and their applications during the time of authorship.}
}
@article{mur2022,
  title={Controllable shifting, steering, and expanding of light beam based on multi-layer liquid-crystal cells},
  author={Mur, Urban and Ravnik, Miha and Se{\v{c}}, David},
  journal={Scientific reports},
  volume={12},
  number={1},
  pages={352},
  year={2022},
  publisher={Nature Publishing Group UK London},
  annote={This article details the design of a tunable set of nematic LCs that could be used for a solid state method of controlling a laser.}
}
@article{raj2020,
  title={A survey on LiDAR scanning mechanisms},
  author={Raj, Thinal and Hanim Hashim, Fazida and Baseri Huddin, Aqilah and Ibrahim, Mohd Faisal and Hussain, Aini},
  journal={Electronics},
  volume={9},
  number={5},
  pages={741},
  year={2020},
  publisher={MDPI},
  annote={This article gives a review of the various types of LiDAR implementations that exist. It outlines a general architecture that applies to every LiDAR system and points to various current works done in the field.}
}
@article{zhang2023,
  title={Non-mechanical optical beam-steering of a liquid crystal laser},
  author={Zhang, Guanxiong and Elston, Steve J and Schreier, Andy and Faulkner, Grahame and Surampudi, Atchutananda and O'Brien, Dominic and Morris, Stephen M},
  journal={Optics \& Laser Technology},
  volume={157},
  pages={108623},
  year={2023},
  publisher={Elsevier},
  annote={This research discusses a simulation proving how three stacked layers of nematic liquid crystal 'building blocks' could be used to translate, deflect, and, finally, expand light coming from a coherent source; however, the caveat is fabricating such a structure. The width of such a nematic LC would be $\approx 40\lambda$.}
}
@inproceedings{sciortino2018,
  title={ROS/Gazebo-based simulation of quadcopter aircrafts},
  author={Sciortino, Claudio and Fagiolini, Adriano},
  booktitle={2018 IEEE 4th International Forum on Research and Technology for Society and Industry (RTSI)},
  pages={1--6},
  year={2018},
  organization={IEEE},
  annote={This research gives a tutorial-like description of how to estimate the position of a quadcopter in the context of an observer frame (outside of the system of the quadcopter) using the on-board sensors that read angular and linear acceleration. Albeit confusing, this work will provide insight on how to intelligently apply the simulation tools supplied by ROS and Gazebo.}
}
@article{song2023,
  title={Reaching the limit in autonomous racing: Optimal control versus reinforcement learning},
  author={Song, Yunlong and Romero, Angel and M{\"u}ller, Matthias and Koltun, Vladlen and Scaramuzza, Davide},
  journal={Science Robotics},
  volume={8},
  number={82},
  pages={eadg1462},
  year={2023},
  publisher={American Association for the Advancement of Science},
  annote={This article discusses the success of the University of Zurich's drone that beat world champion drone pilots. The drone was trained using reinforcement learning in a similiar method that I have hypothesized to work for this project.}
}
@article{zhu2021,
  title={Deep reinforcement learning based mobile robot navigation: A review},
  author={Zhu, Kai and Zhang, Tao},
  journal={Tsinghua Science and Technology},
  volume={26},
  number={5},
  pages={674--691},
  year={2021},
  publisher={TUP},
  annote={This review discusses advancements in Deep Reinforcement Learning (DRL) from 2016 to 2020. DRL was first realized in 2013, so this is nearly half of its history.}
}
@inproceedings{bogatov2021,
  title={Control and analysis of quadcopter flight when setting a complex trajectory of motion},
  author={Bogatov, N and Kostin, A and Maiorov, N},
  booktitle={Journal of Physics: Conference Series},
  volume={1925},
  number={1},
  pages={012043},
  year={2021},
  organization={IOP Publishing},
  annote={This work uses the COEX Clover quadcopter to sense displacement from the origin via inertial sensors. The COEX clover is what I plan to use as the platform for development.}
}
@misc{clover,
  title = {COEX Clover},
  howpublished = {\url{https://clover.coex.tech/en/}},
  note = {Accessed: 2010-10-01},
  annote = {This is the platform of the drone we will use for development.}
}
@article{li2022,
  title={A progress review on solid-state LiDAR and nanophotonics-based LiDAR sensors},
  author={Li, Nanxi and Ho, Chong Pei and Xue, Jin and Lim, Leh Woon and Chen, Guanyu and Fu, Yuan Hsing and Lee, Lennon Yao Ting},
  journal={Laser \& Photonics Reviews},
  volume={16},
  number={11},
  pages={2100511},
  year={2022},
  publisher={Wiley Online Library},
  annote={This review on LiDAR systems details multiple solid-state LiDAR implementations. I will use it in the evaluation of my project, as it gives me perspective as to what other research groups are doing.}
}
@book{saleh2019,
  title={Fundamentals of photonics},
  author={Saleh, Bahaa EA and Teich, Malvin Carl},
  year={2019},
  publisher={John Wiley \& sons},
  annote={This book gives insight onto photonic devices and their physics. I have looked specifically into their section on liquid crystals for this project.}
}
@article{cirtoaje2021,
  author = {Cirtoaje, Cristina},
  title = {Ferroelectric Particles in Nematic Liquid Crystals with Soft Anchoring},
  journal = {Molecules},
  volume = {26},
  year = {2021},
  number = {4},
  article-number = {1166},
  url = {https://www.mdpi.com/1420-3049/26/4/1166},
  pubmedid = {33671776},
  issn = {1420-3049},
  doi = {10.3390/molecules26041166},
  annote = {This article describes the behavior of nematic liquid crystals in the presence of an electric field.}
}
@misc{ros,
  author = {{Stanford Artificial Intelligence Laboratory et al.}},
  title = {Robotic Operating System},
  url = {https://www.ros.org},
  annote = {ROS is the main piece of software that we will use for training the Clover. It provides a plethora of documentation and libraries for systems control.}
}
@misc{gazebo,
  author = {Open Robotics},
  title = {Gazebo},
  url = {https://gazebosim.org/home},
  annote = {Gazebo is the standard for simulating robotic systems created in ROS.}
}
% NOTE: I am sick and everything hurts at the time of writing these references
